@Misc{ExamplePersonal
  author = {Surname, Initials},
  note={(20xx-yy-zz) Discussion with Initials Surname of author (or whatever this is)}
}