@Misc{ExampleSource,
       author = {{Website}},
       title = {Title of website},
       howpublished = {Title of organization behind website},
       url = "http://example.com",
       note = {[Accessed 20xx-yy-zz]}
}