@Misc{ExampleWebSource1,
      author = "The author",
      title = "The title",
      howpublished = {Name of the web page},
      url = "http://example.com",
      note = {[Accessed 201x-mm-dd]}
}
